<record><leader>00000cas a22000007a 4500</leader><controlfield tag="001">18266016</controlfield><controlfield tag="008">880725d18931896aluwr ne      0    0eng d</controlfield><datafield ind1=" " ind2=" " tag="010"><subfield code="a">sn 88050133 </subfield></datafield><datafield ind1=" " ind2=" " tag="040"><subfield code="a">CPN</subfield><subfield code="b">eng</subfield><subfield code="c">CPN</subfield><subfield code="d">OCLCQ</subfield></datafield><datafield ind1=" " ind2=" " tag="042"><subfield code="a">msc</subfield></datafield><datafield ind1="0" ind2=" " tag="130"><subfield code="a">Marshall County news (Guntersville, Ala. : 1893)</subfield></datafield><datafield ind1="1" ind2="4" tag="245"><subfield code="a">The Marshall County news.</subfield></datafield><datafield ind1=" " ind2=" " tag="260"><subfield code="a">Albertville, Ala. :</subfield><subfield code="b">Edgar O. McCord,</subfield><subfield code="c">1893-1896.</subfield></datafield><datafield ind1=" " ind2=" " tag="310"><subfield code="a">Weekly</subfield></datafield><datafield ind1="0" ind2=" " tag="362"><subfield code="a">Vol. 1, no. 1 (Aug. 3, 1893)-v. 3, no. 42 (May 21, 1896).</subfield></datafield><datafield ind1=" " ind2=" " tag="752"><subfield code="a">United States</subfield><subfield code="b">Alabama</subfield><subfield code="c">Marshall</subfield><subfield code="d">Albertville.</subfield></datafield><datafield ind1="0" ind2="0" tag="785"><subfield code="t">Albertville journal</subfield><subfield code="w">(DLC)sn 88050134</subfield></datafield></record>